<record><leader>00000cas a22000007a 4500</leader><controlfield tag="001">11105633</controlfield><controlfield tag="008">840830d18671889iauwr ne      0    0eng d</controlfield><datafield ind1=" " ind2=" " tag="010"><subfield code="a">sn 84027420 </subfield></datafield><datafield ind1=" " ind2=" " tag="040"><subfield code="a">NPU</subfield><subfield code="b">eng</subfield><subfield code="c">NPU</subfield><subfield code="d">NPX</subfield><subfield code="d">OCL</subfield><subfield code="d">INP</subfield><subfield code="d">OCLCQ</subfield></datafield><datafield ind1=" " ind2=" " tag="042"><subfield code="a">msc</subfield></datafield><datafield ind1="0" ind2=" " tag="130"><subfield code="a">Washington County press (Washington, Iowa : 1867)</subfield></datafield><datafield ind1="1" ind2="0" tag="245"><subfield code="a">Washington County press.</subfield></datafield><datafield ind1="3" ind2="0" tag="246"><subfield code="a">Washington press</subfield></datafield><datafield ind1=" " ind2=" " tag="260"><subfield code="a">Washington, Iowa :</subfield><subfield code="b">H.A. Burrell,</subfield><subfield code="c">1867-1889.</subfield></datafield><datafield ind1=" " ind2=" " tag="300"><subfield code="a">22 v. :</subfield><subfield code="b">ill. ;</subfield><subfield code="c">71 cm.</subfield></datafield><datafield ind1=" " ind2=" " tag="310"><subfield code="a">Weekly</subfield></datafield><datafield ind1="0" ind2=" " tag="362"><subfield code="a">Vol. 12, no. 3 (July 31, 1867)-v. 33, no. 32 (Jan. 30, 1889).</subfield></datafield><datafield ind1=" " ind2=" " tag="500"><subfield code="a">Later publishers: Burrell &amp; Merton; H.A. Burrell.</subfield></datafield><datafield ind1=" " ind2=" " tag="752"><subfield code="a">United States</subfield><subfield code="b">Iowa</subfield><subfield code="c">Washington</subfield><subfield code="d">Washington.</subfield></datafield><datafield ind1="0" ind2="0" tag="780"><subfield code="t">Weekly Washington press</subfield><subfield code="w">(DLC)sn 84038523</subfield></datafield><datafield ind1="0" ind2="0" tag="785"><subfield code="t">Washington press (Washington, Iowa : 1889)</subfield><subfield code="w">(DLC)sn 86061085</subfield></datafield></record>